<record><leader>00000cas a22000007a 4500</leader><controlfield tag="001">19654417</controlfield><controlfield tag="008">890504d19311936nduwr ne      0    0eng d</controlfield><datafield ind1=" " ind2=" " tag="010"><subfield code="a">sn 89074115 </subfield></datafield><datafield ind1=" " ind2=" " tag="040"><subfield code="a">NOP</subfield><subfield code="b">eng</subfield><subfield code="c">NOP</subfield><subfield code="d">OCLCQ</subfield></datafield><datafield ind1=" " ind2=" " tag="042"><subfield code="a">msc</subfield></datafield><datafield ind1="0" ind2="4" tag="245"><subfield code="a">The Beach review and the Sentinel Butte review.</subfield></datafield><datafield ind1=" " ind2=" " tag="260"><subfield code="a">Beach, Golden Valley County, N.D. :</subfield><subfield code="b">J.J. Hess</subfield></datafield><datafield ind1=" " ind2=" " tag="300"><subfield code="a">6 v. :</subfield><subfield code="b">ill. ;</subfield><subfield code="c">56 cm.</subfield></datafield><datafield ind1=" " ind2=" " tag="310"><subfield code="a">Weekly</subfield></datafield><datafield ind1="0" ind2=" " tag="362"><subfield code="a">Vol. 1, no. 1 (Sept. 17, 1931)-v. 6, no. 3 (Oct. 1, 1936).</subfield></datafield><datafield ind1=" " ind2=" " tag="500"><subfield code="a">"Official paper of Golden Valley County and the City of Beach," 1935-1936.</subfield></datafield><datafield ind1=" " ind2=" " tag="515"><subfield code="a">Also bears numbering of the Sentinel Butte review, vol. 10, no. 20-, later dropped.</subfield></datafield><datafield ind1=" " ind2=" " tag="530"><subfield code="a">Available on microfilm from the State Historical Society of North Dakota.</subfield></datafield><datafield ind1=" " ind2=" " tag="752"><subfield code="a">United States</subfield><subfield code="b">North Dakota</subfield><subfield code="c">Golden Valley</subfield><subfield code="d">Beach.</subfield></datafield><datafield ind1="0" ind2="0" tag="780"><subfield code="t">Sentinel Butte review</subfield><subfield code="w">(DLC)sn 89074113</subfield></datafield><datafield ind1="0" ind2="7" tag="785"><subfield code="t">Beach advance</subfield><subfield code="w">(DLC)sn 89074114</subfield></datafield><datafield ind1="0" ind2="7" tag="785"><subfield code="t">Golden Valley news</subfield><subfield code="w">(DLC)sn 89074116</subfield></datafield></record>